<?xml version="1.0" encoding="UTF-8"?><collection><record><leader>03633ntm a2200469 a 4500</leader><controlfield tag="001">011741701</controlfield><controlfield tag="003">MiAaHDL</controlfield><controlfield tag="005">20190719000000.0</controlfield><controlfield tag="006">m        d        </controlfield><controlfield tag="007">cr bn ---auaua</controlfield><controlfield tag="008">120919q08uu09uuxx            00| ||ara d</controlfield><datafield tag="035" ind1=" " ind2=" "><subfield code="a">(MiU)011741701</subfield></datafield><datafield tag="035" ind1=" " ind2=" "><subfield code="a">sdr-miu011741701</subfield></datafield><datafield tag="040" ind1=" " ind2=" "><subfield code="a">MiU</subfield><subfield code="c">MiU</subfield><subfield code="e">amremm</subfield></datafield><datafield tag="043" ind1=" " ind2=" "><subfield code="a">n-us-mi</subfield></datafield><datafield tag="130" ind1="0" ind2=" "><subfield code="6">880-01</subfield><subfield code="a">Qurʼan</subfield></datafield><datafield tag="245" ind1="1" ind2="3"><subfield code="6">880-03</subfield><subfield code="a">[al-Qurʼān,</subfield><subfield code="f">9th or 10th century].</subfield></datafield><datafield tag="260" ind1=" " ind2=" "><subfield code="c">[8-- or 9--].</subfield></datafield><datafield tag="300" ind1=" " ind2=" "><subfield code="a">1 leaf :</subfield><subfield code="b">parchment ;</subfield><subfield code="c">242-8 x 340 (180 x 260) mm.</subfield></datafield><datafield tag="500" ind1=" " ind2=" "><subfield code="a">Shelfmark: Ann Arbor, University of Michigan, Special Collections Library, Isl. Ms. 1049</subfield></datafield><datafield tag="500" ind1=" " ind2=" "><subfield code="a">Origin: Script and ornament would suggest 9th or 10th century as proposed by Déroche (see The Abbasid tradition, p.37).</subfield></datafield><datafield tag="500" ind1=" " ind2=" "><subfield code="a">Former shelfmark: Kelsey 64.2.4</subfield></datafield><datafield tag="500" ind1=" " ind2=" "><subfield code="a">Support: Parchment ; recto is hair side.</subfield></datafield><datafield tag="500" ind1=" " ind2=" "><subfield code="a">Decoration: Four oblique strokes one above the other (Déroche style 1.1.1) mark verse divisions ; roundels / medallions of Déroche style 2' A.II mark ten verses ; illuminated hāʼ (abjad numeral 5) marks five verses ; illuminated sūrah heading for the opening of Sūrat al-Qalam, "سورة ن والقلم خمسون واثنان" chrysographed.</subfield></datafield><datafield tag="500" ind1=" " ind2=" "><subfield code="a">Script: Kufic or Early ʻAbbāsid script of Déroche style D.IV (see George, The Rise of Islamic calligraphy, p.151 and Déroche, The Abbasid tradition, p.36-37) ; short vowels provided in the form of red discs.</subfield></datafield><datafield tag="500" ind1=" " ind2=" "><subfield code="a">Layout: Written in 15 lines per page.</subfield></datafield><datafield tag="500" ind1=" " ind2=" "><subfield code="a">Collation: Single leaf.</subfield></datafield><datafield tag="500" ind1=" " ind2=" "><subfield code="a">Title supplied by cataloguer.</subfield></datafield><datafield tag="500" ind1=" " ind2=" "><subfield code="a">Ms. fragment.</subfield></datafield><datafield tag="505" ind1="0" ind2=" "><subfield code="a">(verso) Sūrat al-Qalam (68) verse 1 through opening word of verse 19 (68:1-19a)</subfield></datafield><datafield tag="505" ind1="0" ind2=" "><subfield code="a">(recto) Sūrat al-Mulk (67) final words of verse 23 through verse 30 (67:23-30) followed by illuminated heading for Sūrat al-Qalam (68)</subfield></datafield><datafield tag="510" ind1="4" ind2=" "><subfield code="a">Grube, Ernest J. Calligraphy and the decorative arts of Islam. (London: Bluett &amp; Sons Ltd, 1976),</subfield><subfield code="c">no.3</subfield></datafield><datafield tag="510" ind1="4" ind2=" "><subfield code="a">Soucek, Patricia. Islamic art from the University of Michigan collections : Kelsey Museum of Archaeology, The University of Michigan, Ann Arbor, February 4 - April 16, 1978. (Ann Arbor : Kelsey Museum of Archaeology, University of Michigan, c1978),</subfield><subfield code="c">no.1, p.2</subfield></datafield><datafield tag="510" ind1="4" ind2=" "><subfield code="a">Whelan, Estelle. "Writing the word of God: some early Qurʼān manuscripts and their milieux, part I." Ars Orientalis 20, (1990):</subfield><subfield code="c">113-147</subfield></datafield><datafield tag="510" ind1="4" ind2=" "><subfield code="a">George, Alain. The Rise of Islamic calligraphy. London: Saqi, 2010.</subfield></datafield><datafield tag="510" ind1="4" ind2=" "><subfield code="a">Déroche, François. The Abbasid tradition : Qurʼans of the 8th to the 10th centuries AD. The Nasser D. Khalili collection of Islamic art, v. 1. New York : Nour Foundation in association with Azimuth Editions and Oxford University Press, c1992.</subfield></datafield><datafield tag="510" ind1="4" ind2=" "><subfield code="a">Déroche, François. Les manuscrits du coran. Aux origines de la calligraphie coranique. Catalogue des manuscrits arabes. Deuxième partie: manuscrits musulmans, Tome I, 1. Paris: Bibliothèque Nationale, 1983.</subfield></datafield><datafield tag="520" ind1=" " ind2=" "><subfield code="a">Fragment from an Early ʿAbbāsid Qur’ān carrying final words of Sūrat al-Mulk (67) verse 23 through opening word of Sūrat al-Qalam (68) verse 19.</subfield></datafield><datafield tag="538" ind1=" " ind2=" "><subfield code="a">Mode of access: Internet.</subfield></datafield><datafield tag="541" ind1=" " ind2=" "><subfield code="a">Gift of Dr. Alexander Grant Ruthven (1882-1971) who served as the Unversity of Michigan’s seventh president from 1929 to 1951 ; transferred to Rare Book Room from Kelsey Museum.</subfield></datafield><datafield tag="546" ind1=" " ind2=" "><subfield code="a">Arabic.</subfield></datafield><datafield tag="650" ind1=" " ind2="0"><subfield code="a">Manuscripts, Arabic</subfield><subfield code="z">Michigan</subfield><subfield code="z">Ann Arbor.</subfield></datafield><datafield tag="700" ind1="1" ind2=" "><subfield code="a">Ruthven, Alexander Grant,</subfield><subfield code="d">1882-1971,</subfield><subfield code="e">former owner.</subfield></datafield><datafield tag="880" ind1="1" ind2="2"><subfield code="6">245-03/</subfield><subfield code="a">[القرآن,</subfield><subfield code="f">القرن 9 او 10م].</subfield></datafield><datafield tag="880" ind1="0" ind2=" "><subfield code="6">130-01/</subfield><subfield code="a">قرآن</subfield></datafield><datafield tag="CID" ind1=" " ind2=" "><subfield code="a">011741701</subfield></datafield><datafield tag="DAT" ind1="0" ind2=" "><subfield code="a">20190719102642.0</subfield><subfield code="b">20190719000000.0</subfield></datafield><datafield tag="DAT" ind1="1" ind2=" "><subfield code="a">20190719090653.0</subfield><subfield code="b">2019-07-19T16:10:23Z</subfield></datafield><datafield tag="DAT" ind1="2" ind2=" "><subfield code="a">2015-10-02T18:00:03Z</subfield></datafield><datafield tag="CAT" ind1=" " ind2=" "><subfield code="a">SDR-MIU</subfield><subfield code="d">EX LIBRIS - ALEPH</subfield><subfield code="l">prepare.pl-004-008</subfield></datafield><datafield tag="FMT" ind1=" " ind2=" "><subfield code="a">BK</subfield></datafield><datafield tag="HOL" ind1=" " ind2=" "><subfield code="0">sdr-miu011741701</subfield><subfield code="a">MiU</subfield><subfield code="b">SDR</subfield><subfield code="c">MIU</subfield><subfield code="p">mdp.39015079132794</subfield><subfield code="s">MIU</subfield><subfield code="1">011741701</subfield></datafield><datafield tag="974" ind1=" " ind2=" "><subfield code="b">MIU</subfield><subfield code="c">MIU</subfield><subfield code="d">20190719</subfield><subfield code="s">lit-dlps-dc</subfield><subfield code="u">mdp.39015079132794</subfield><subfield code="y">0999</subfield><subfield code="r">pd</subfield><subfield code="q">bib</subfield><subfield code="t">non-US bib date2 &lt; 1879</subfield></datafield></record></collection>